Automatically generated by Mendeley Desktop 1.17.12
Any changes to this file will be lost if it is regenerated by Mendeley.

BibTeX export options can be customized via Preferences -> BibTeX in Mendeley Desktop

@article{Chang2001,
author = {Chang, C.H. and Chang, C.H. and Lui, S.C. and Lui, S.C.},
isbn = {1581133480},
journal = {Proceedings of the 10th international conference on World Wide Web},
keywords = {extraction rule,information extraction,multiple string,pat tree},
pages = {681--688},
title = {{IEPAD: information extraction based on pattern discovery}},
year = {2001}
}
@article{Liu2003,
author = {Liu, Bing and Grossman, Robert},
doi = {10.1145/956804.956826},
isbn = {1581137370},
journal = {Knowledge discovery and data mining},
keywords = {web data records,web information integration,web mining},
pages = {601},
title = {{Mining data records in Web pages}},
year = {2003}
}
@article{Chang2004,
author = {Chang, Chia Hui and Kuo, Shih Chien},
doi = {10.1109/MIS.2004.71},
issn = {15411672},
journal = {IEEE Intelligent Systems},
number = {6},
pages = {56--64},
title = {{OLERA: Semisupervised Web-data extraction with visual support}},
volume = {19},
year = {2004}
}
@inproceedings{Hogue2005,
 author = {Hogue, Andrew and Karger, David},
 title = {{Thresher: Automating the Unwrapping of Semantic Content from the World Wide Web}},
 booktitle = {Proceedings of the 14th International Conference on World Wide Web},
 series = {WWW '05},
 year = {2005},
 isbn = {1-59593-046-9},
 location = {Chiba, Japan},
 pages = {86--95},
 numpages = {10},
 url = {http://doi.acm.org/10.1145/1060745.1060762},
 doi = {10.1145/1060745.1060762},
 acmid = {1060762},
 publisher = {ACM},
 address = {New York, NY, USA},
} 
@inproceedings{Wang2003,
 author = {Wang, Jiying and Lochovsky, Fred H.},
 title = {{Data Extraction and Label Assignment for Web Databases}},
 booktitle = {Proceedings of the 12th International Conference on World Wide Web},
 series = {WWW '03},
 year = {2003},
 isbn = {1-58113-680-3},
 location = {Budapest, Hungary},
 pages = {187--196},
 numpages = {10},
 url = {http://doi.acm.org/10.1145/775152.775179},
 doi = {10.1145/775152.775179},
 acmid = {775179},
 publisher = {ACM},
 address = {New York, NY, USA},
} 
@article{Furche2012,
  author = {Furche, Tim and Gottlob, Georg and Grasso, Giovanni and Orsi, Giorgio and Schallhart, Christian and Wang, Cheng},
  title = {{AMBER: Automatic Supervision for Multi-Attribute Extraction}},
  journal={Preprint arXiv:1210.5984},
  year={2012}
}
@article{Schulz2016,
author = {Schulz, Andreas and L{\"{a}}ssig, J{\"{o}}rg and Gaedke, Martin},
doi = {10.1109/WI.2016.95},
isbn = {9781509044702},
journal = {IEEE/WIC/ACM International Conference on Web Intelligence (WI), 2016},
pages = {562----567},
title = {{Practical web data extraction: Are we there yet? --- A short survey}},
year = {2016}
}
@article{Garfield1955a,
annote = {Garfield proposes an index of citations per published article in which the "impact factor" of an article could be measured by the amount of citations it received. However he does not describe any formula to calculate this "impact factor".},
author = {Garfield, Eugene},
journal = {Science},
pages = {108--111},
title = {{Citation Indexes for Science}},
volume = {122},
year = {1955}
}
@article{Su2009,
author = {Su, Weifeng and Lochvsky, Frederick H},
number = {212},
title = {{ODE : Ontology-assisted Data Extraction}},
volume = {1},
year = {2009}
}
@article{Laender2002a,
author = {Laender, Alberto H F and Ribeiro-Neto, Berthier and da Silva, Altigran S},
doi = {http://dx.doi.org/10.1016/S0169-023X(01)00047-7},
issn = {0169-023X},
journal = {Data Knowledge Engineering},
keywords = {data extraction,web data management,wrapper generation},
number = {2},
pages = {121--154},
title = {{DEByE - Date extraction by example}},
volume = {40},
year = {2002}
}
@inproceedings{Freitag1998,
 author = {Freitag, Dayne},
 title = {{Information Extraction from HTML: Application of a General Machine Learning Approach}},
 booktitle = {Proceedings of the Fifteenth National/Tenth Conference on Artificial Intelligence/Innovative Applications of Artificial Intelligence},
 series = {AAAI '98/IAAI '98},
 year = {1998},
 isbn = {0-262-51098-7},
 location = {Madison, Wisconsin, USA},
 pages = {517--523},
 numpages = {7},
 url = {http://dl.acm.org/citation.cfm?id=295240.295726},
 acmid = {295726},
 publisher = {American Association for Artificial Intelligence},
 address = {Menlo Park, CA, USA},
} 
@article{Kushmerick1997,
author = {Kushmerick, Nicholas and Weld, Daniel S and Doorenbos, R},
doi = {10.1.1.33.2176},
isbn = {0591708434},
journal = {Intl Joint Conference on Artificial Intelligence IJCAI},
pages = {729--737},
title = {{Wrapper induction for information extraction}},
year = {1997}
}
@article{Abdessalem2010,
 author = {Abdessalem, Talel and Cautis, Bogdan and Derouiche, Nora},
 title = {{ObjectRunner}: Lightweight, Targeted Extraction and Querying of Structured Web Data},
 journal = {Proc. VLDB Endow.},
 issue_date = {September 2010},
 volume = {3},
 number = {1-2},
 month = sep,
 year = {2010},
 issn = {2150-8097},
 pages = {1585--1588},
 numpages = {4},
 url = {http://dx.doi.org/10.14778/1920841.1921045},
 doi = {10.14778/1920841.1921045},
 acmid = {1921045},
 publisher = {VLDB Endowment},
} 
@article{Kaiser2005,
author = {Kaiser, Katharina and Miksch, Silvia},
journal = {Technology},
number = {May},
pages = {32},
title = {{Information Extraction}},
year = {2005}
}
@article{Califf1999,
author = {Califf, Mary Elaine and Mooney, Raymond J},
doi = {10.1162/153244304322972685},
isbn = {0262511061},
issn = {15324435},
journal = {Computational Linguistics},
pages = {9--15},
title = {{Relational learning of pattern-match rules for information extraction}},
volume = {4},
year = {1999}
}
@article{Adelberg1998,
author = {Adelberg, Brad},
doi = {10.1145/276305.276330},
isbn = {0-89791-995-5},
issn = {01635808},
journal = {ACM SIGMOD Record},
number = {2},
pages = {283--294},
title = {{NoDoSE---a tool for semi-automatically extracting structured and semistructured data from text documents}},
volume = {27},
year = {1998}
}
@inproceedings{Hammer1997,
 author = {Hammer, Joachim and McHugh, Jason and Garcia-Molin, Hector},
 title = {{Semistructured Data: The TSIMMIS Experience}},
 booktitle = {Proceedings of the First East-European Conference on Advances in Databases and Information Systems},
 series = {ADBIS'97},
 year = {1997},
 location = {St Petersburg, Russia},
 pages = {22--22},
 numpages = {1},
 url = {http://dl.acm.org/citation.cfm?id=2227663.2227685},
 acmid = {2227685},
 publisher = {BCS Learning \& Development Ltd.},
 address = {Swindon, UK},
} 
@article{Flesca2004,
author = {Flesca, S. and Manco, G. and Masciari, E. and Rende, E. and Tagarelli, A.},
issn = {0921-7126},
journal = {AI Communications},
keywords = {information extraction,wrapper genera-},
number = {2},
pages = {57--61},
title = {{Web wrapper induction: a brief survey}},
volume = {17},
year = {2004}
}
@article{Arasu2003,
author = {Arasu, A. and Garcia-Molina, H. and Arasu, Arvind and Garcia-Molina, Hector},
doi = {10.1145/872797.872799},
isbn = {158113634X},
journal = {2003 ACM SIGMOD International Conference on Management of Data},
pages = {337 -- 348},
title = {{Extracting structured data from Web pages}},
year = {2003}
}
@article{Krupl2005,
author = {Kr{\"{u}}pl, Bernhard and Herzog, Marcus and Gatterbauer, Wolfgang},
doi = {10.1145/1062745.1062838},
isbn = {1595930515},
journal = {Special interest tracks and posters of the 14th international conference on World Wide Web - WWW '05},
keywords = {table detection,visual analysis,web information extraction},
pages = {1000----1001},
title = {{Using visual cues for extraction of tabular data from arbitrary HTML documents}},
year = {2005}
}
@article{Laender2002,
 author = {Laender, Alberto H. F. and Ribeiro-Neto, Berthier A. and da Silva, Altigran S. and Teixeira, Juliana S.},
 title = {A Brief Survey of Web Data Extraction Tools},
 journal = {SIGMOD Record},
 issue_date = {June 2002},
 volume = {31},
 number = {2},
 month = jun,
 year = {2002},
 issn = {0163-5808},
 pages = {84--93},
 numpages = {10},
 url = {http://doi.acm.org/10.1145/565117.565137},
 doi = {10.1145/565117.565137},
 acmid = {565137},
 publisher = {ACM},
 address = {New York, NY, USA},
} 
@article{Dong2014,
archivePrefix = {arXiv},
arxivId = {arXiv:1301.3781v3},
author = {Dong, Xin and Gabrilovich, Evgeniy and Heitz, Geremy and Horn, Wilko and Lao, Ni and Murphy, Kevin and Strohmann, Thomas and Sun, Shaohua and Zhang, Wei},
doi = {10.1145/2623330.2623623},
eprint = {arXiv:1301.3781v3},
isbn = {9781450329569},
issn = {0893-6080},
journal = {Proceedings of the 20th ACM SIGKDD international conference on Knowledge discovery and data mining - KDD '14},
keywords = {information extraction,knowledge bases,machine learning,probabilistic models},
pages = {601--610},
pmid = {1975973},
title = {{Knowledge Vault: a web-scale approach to probabilistic knowledge fusion}},
year = {2014}
}
@article{Sarawagi2008,
author = {Sarawagi, Sunita},
doi = {10.1561/1500000003},
isbn = {9783540926733},
issn = {1931-7883},
journal = {Foundations and Trends in Databases},
keywords = {in,ndations and trends r},
number = {3},
pages = {261--377},
pmid = {8806820},
title = {{Information extraction}},
volume = {1},
year = {2008}
}
@article{Zhai2005,
author = {Zhai, Yanhong and Liu, Bing},
doi = {10.1145/1060745.1060761},
isbn = {1595930469},
issn = {10414347},
journal = {Proceedings of the 14th international conference on World Wide Web - WWW '05},
keywords = {data extraction,data record extraction,wrapper},
pages = {76},
pmid = {17392084},
title = {{Web data extraction based on partial tree alignment}},
year = {2005}
}
@article{Doan2008,
author = {Doan, Anhai and Naughton, Jeffrey F and Ramakrishnan, Raghu and Baid, Akanksha and Chai, Xiaoyong and Chen, Fei and Chen, Ting and Chu, Eric and Derose, Pedro and Gao, Byron and Gokhale, Chaitanya and Huang, Jiansheng and Shen, Warren and Vuong, Ba-quy},
doi = {10.1145/1519103.1519106},
isbn = {0163-5808},
issn = {0163-5808},
journal = {ACM SIGMOD Record},
keywords = {and the user services,can also solicit user,extrac-,ing database,interaction to improve the,result-,search and structured querying,such systems,the quality of the,tion and integration methods},
number = {4},
pages = {14--20},
title = {{Information Extraction Challenges in Managing Unstructured Data}},
volume = {37},
year = {2008}
}
@article{Chang2012,
author = {Chang, Chia-hui},
number = {March 2015},
title = {{FiVaTech2 : A Supervised Approach to Role Differentiation for Web Data Extraction From Template Pages}},
year = {2012}
}
@article{Crescenzi2001,
archivePrefix = {arXiv},
arxivId = {10.1.1.21.8672},
author = {Crescenzi, Valter and Mecca, Giansalvatore and Merialdo, Paolo},
doi = {10.1.1.21.8672},
eprint = {10.1.1.21.8672},
isbn = {1558608044},
issn = {10477349},
journal = {Proceedings of the 27th International Conference on Very Large Data Bases},
pages = {109--118},
title = {{Roadrunner: Towards automatic data extraction from large web sites}},
year = {2001}
}
@article{Kushmerick2003,
author = {Kushmerick, Nicholas and Kushmerick, Nicholas},
doi = {10.1007/978-3-540-45092-4_4},
isbn = {978-3-540-40579-5},
issn = {03029743},
journal = {Lecture Notes in Computer Science},
pages = {77--91},
title = {{Finite-state approaches to Web information extraction}},
volume = {2700},
year = {2003}
}
@article{Ferrara2011,
archivePrefix = {arXiv},
arxivId = {1103.1252},
author = {Ferrara, Emilio and Baumgartner, Robert},
doi = {10.1007/978-3-642-19618-8_3},
eprint = {1103.1252},
isbn = {9783642196171},
issn = {21903018},
journal = {Smart Innovation, Systems and Technologies},
pages = {41--54},
title = {{Automatic wrapper adaptation by tree edit distance matching}},
volume = {8},
year = {2011}
}
@inproceedings{Sahuguet1999,
 author = {Sahuguet, Arnaud and Azavant, Fabien},
 title = {{Building Light-Weight Wrappers for Legacy Web Data-Sources Using W4F}},
 booktitle = {Proceedings of the 25th International Conference on Very Large Data Bases},
 series = {VLDB '99},
 year = {1999},
 isbn = {1-55860-615-7},
 pages = {738--741},
 numpages = {4},
 url = {http://dl.acm.org/citation.cfm?id=645925.671350},
 acmid = {671350},
 publisher = {Morgan Kaufmann Publishers Inc.},
 address = {San Francisco, CA, USA},
} 

@article{Shi2015,
author = {Shi, Shengsheng and Liu, Chengfei and Shen, Yi and Yuan, Chunfeng and Huang, Yihua},
doi = {10.1016/j.knosys.2015.07.012},
issn = {09507051},
journal = {Knowledge-Based Systems},
keywords = {Data record mining,Web data extraction,Web mining},
pages = {314--331},
publisher = {Elsevier B.V.},
title = {{AutoRM: An effective approach for automatic Web data record mining}},
volume = {89},
year = {2015}
}
@article{Figueiredo2017,
author = {Figueiredo, Leandro Neiva Lopes and de Assis, Guilherme Tavares and Ferreira, Anderson A.},
doi = {10.1016/j.ipm.2017.04.007},
issn = {03064573},
journal = {Information Processing {\&} Management},
keywords = {Rendering information,Visual information,Wrapper,M,rendering information},
number = {5},
pages = {1120--1138},
publisher = {Elsevier Ltd},
title = {{DERIN: A data extraction method based on rendering information and n-gram}},
volume = {53},
year = {2017}
}
@article{Varlamov2016,
author = {Varlamov, M. I. and Turdakov, D. Yu.},
doi = {10.1134/S0361768816050078},
issn = {0361-7688},
journal = {Programming and Computer Software},
number = {5},
pages = {279--291},
title = {{A survey of methods for the extraction of information from Web resources}},
volume = {42},
year = {2016}
}
@article{Fiumara2007,
author = {Fiumara, Giacomo},
doi = {10.1.1.84.7204},
issn = {16130073},
journal = {CEUR Workshop Proceedings},
pages = {1--9},
title = {{Automated information extraction from Web sources: A survey}},
volume = {312},
year = {2007}
}
@inproceedings{Muslea1999,
 author = {Muslea, Ion and Minton, Steve and Knoblock, Craig},
 title = {{A Hierarchical Approach to Wrapper Induction}},
 booktitle = {Proceedings of the Third Annual Conference on Autonomous Agents},
 series = {AGENTS '99},
 year = {1999},
 isbn = {1-58113-066-X},
 location = {Seattle, Washington, USA},
 pages = {190--197},
 numpages = {8},
 url = {http://doi.acm.org/10.1145/301136.301191},
 doi = {10.1145/301136.301191},
 acmid = {301191},
 publisher = {ACM},
 address = {New York, NY, USA},
} 
@article{Kao2010,
author = {Kao, Huan-An and Chen, Hsin-Hsi},
isbn = {2-9517408-6-7},
journal = {Proceedings of the 7th International Conference on Language Resources and Evaluation},
pages = {1113--1120},
title = {{Comment Extraction from Blog Posts and Its Applications to Opinion Mining}},
year = {2010}
}
@article{Chang2006,
author = {Chang, Chia-Hui and Kayed, Mohammed and Girgis, Moheb Ramzy and Shaalan, Khaled F},
doi = {10.1109/TKDE.2006.152},
isbn = {1041-4347 VO - 18},
issn = {1041-4347},
journal = {IEEE Transactions on Knowledge and Data Engineering},
keywords = {Information extraction,Web mining,wrapper,wrapper induction},
number = {10},
pages = {1411--1428},
title = {{A Survey of Web Information Extraction Systems}},
volume = {18},
year = {2006}
}
@book{Ribas2015,
address = {New York, New York, USA},
author = {Ribas, Sabir and Ribeiro-Neto, Berthier and Santos, Rodrygo and {Souza e Silva}, Edmundo and Ueda, Alberto and Ziviani, Nivio},
booktitle = {the 2015 International Conference},
doi = {10.1145/2808194.2809462},
isbn = {9781450338332},
keywords = {academic search,random walks,reputation flows},
pages = {181--190},
publisher = {ACM Press},
title = {{Random Walks on the Reputation Graph}},
year = {2015}
}
@article{Liu2000,
author = {Liu, L. and Pu, C. and Han, W.},
doi = {10.1109/ICDE.2000.839475},
isbn = {0-7695-0506-6},
issn = {1063-6382},
journal = {Proceedings of 16th International Conference on Data Engineering},
pages = {611--621},
title = {{XWRAP: an XML-enabled wrapper construction system for Web information sources}},
year = {2000}
}
@article{Hsu1998,
author = {Hsu, Chun Nan and Dung, Ming Tzung},
doi = {10.1016/S0306-4379(98)00027-1},
isbn = {0306-4379},
issn = {03064379},
journal = {Information Systems},
keywords = {information extraction,semistructured data,world wide web,wrapper induction},
number = {8},
pages = {521--538},
title = {{Generating finite-state transducers for semi-structured data extraction from the Web}},
volume = {23},
year = {1998}
}
@article{Kushmerick2000,
annote = {wrappers induction is the process of generating wrappers manually.

there are six classes of wrappers.

wrappers are defined by delimiters},
author = {Kushmerick, Nicholas},
doi = {10.1016/S0004-3702(99)00100-9},
isbn = {0004-3702},
issn = {00043702},
journal = {Artificial Intelligence},
keywords = {information extraction,internet information integration,machine learning,wrapper induction},
number = {1-2},
pages = {15--68},
title = {{Wrapper induction: efficiency and expressiveness}},
volume = {118},
year = {2000}
}
@inproceedings{Arocena1999,
 author = {Arocena, Gustavo O. and Mendelzon, Alberto O.},
 title = {{WebOQL}: Restructuring Documents, Databases, and Webs},
 booktitle = {Proceedings of the Fourteenth International Conference on Data Engineering},
 series = {ICDE '98},
 year = {1998},
 isbn = {0-8186-8289-2},
 pages = {24--33},
 numpages = {10},
 url = {http://dl.acm.org/citation.cfm?id=645483.656208},
 acmid = {656208},
 publisher = {IEEE Computer Society},
 address = {Washington, DC, USA},
} 
@article{Soderland1999,
author = {Soderland, Stephen},
doi = {10.1023/A:1007562322031},
isbn = {1595930345},
issn = {0885-6125},
journal = {Machine Learning},
keywords = {information extraction,natural language processing,rule learning},
number = {1},
pages = {233--272},
title = {{Learning Information Extraction Rules for Semi-Structured and Free Text}},
volume = {34},
year = {1999}
}
@article{Khalil2017,
author = {Khalil, Salim and Fakir, Mohamed},
doi = {10.1016/j.softx.2017.04.004},
issn = {23527110},
journal = {SoftwareX},
keywords = {Data collection,Parallel crawling,R package,Web crawler,Web mining,Web scraper},
pages = {98--106},
publisher = {Elsevier B.V.},
title = {{RCrawler: An R package for parallel web crawling and scraping}},
volume = {6},
year = {2017}
}
@article{Ferrara2014,
archivePrefix = {arXiv},
arxivId = {1207.0246},
author = {Ferrara, Emilio and {De Meo}, Pasquale and Fiumara, Giacomo and Baumgartner, Robert},
doi = {10.1016/j.knosys.2014.07.007},
eprint = {1207.0246},
isbn = {978-1-4244-5678-9},
issn = {09507051},
journal = {Knowledge-Based Systems},
keywords = {Business intelligence,Information retrieval,Knowledge engineering,Knowledge-based systems,Web data mining,Web information extraction},
pages = {301--323},
pmid = {18244404},
publisher = {Elsevier B.V.},
title = {{Web data extraction, applications and techniques: A survey}},
volume = {70},
year = {2014}
}
@inproceedings{Zhu2006,
 author = {Zhu, Jun and Nie, Zaiqing and Wen, Ji-Rong and Zhang, Bo and Ma, Wei-Ying},
 title = {{Simultaneous Record Detection and Attribute Labeling in Web Data Extraction}},
 booktitle = {Proceedings of the 12th ACM SIGKDD International Conference on Knowledge Discovery and Data Mining},
 series = {KDD '06},
 year = {2006},
 isbn = {1-59593-339-5},
 location = {Philadelphia, PA, USA},
 pages = {494--503},
 numpages = {10},
 doi = {10.1145/1150402.1150457},
 acmid = {1150457},
 publisher = {ACM},
 address = {New York, NY, USA},
 keywords = {attribute labeling, conditional random fields, data record detection, hierarchical conditional random fields, web page segmentation},
}
@inproceedings{Zhu2005,
 author = {Zhu, Jun and Nie, Zaiqing and Wen, Ji-Rong and Zhang, Bo and Ma, Wei-Ying},
 title = {{2D Conditional Random Fields for Web Information Extraction}},
 booktitle = {Proceedings of the 22Nd International Conference on Machine Learning},
 series = {ICML '05},
 year = {2005},
 isbn = {1-59593-180-5},
 location = {Bonn, Germany},
 pages = {1044--1051},
 numpages = {8},
 doi = {10.1145/1102351.1102483},
 acmid = {1102483},
 publisher = {ACM},
 address = {New York, NY, USA},
} 
@inproceedings{Furche2012a,
 author = {Furche, Tim and Gottlob, Georg and Grasso, Giovanni and Gunes, Omer and Guo, Xiaoanan and Kravchenko, Andrey and Orsi, Giorgio and Schallhart, Christian and Sellers, Andrew and Wang, Cheng},
 title = {DIADEM: Domain-centric, Intelligent, Automated Data Extraction Methodology},
 booktitle = {Proceedings of the 21st International Conference on World Wide Web},
 series = {WWW '12 Companion},
 year = {2012},
 isbn = {978-1-4503-1230-1},
 location = {Lyon, France},
 pages = {267--270},
 numpages = {4},
 doi = {10.1145/2187980.2188025},
 acmid = {2188025},
 publisher = {ACM},
 address = {New York, NY, USA},
 keywords = {data extraction, deep web, knowledge},
} 
@article{Huang2015,
  author    = {Zhiheng Huang and
               Wei Xu and
               Kai Yu},
  title     = {Bidirectional {LSTM-CRF} Models for Sequence Tagging},
  journal   = {CoRR},
  volume    = {abs/1508.01991},
  year      = {2015},
  archivePrefix = {arXiv},
  eprint    = {1508.01991},
  timestamp = {Mon, 13 Aug 2018 16:46:46 +0200},
  bibsource = {dblp computer science bibliography, https://dblp.org}
}
@article{Lample2016,
  author    = {Guillaume Lample and
               Miguel Ballesteros and
               Sandeep Subramanian and
               Kazuya Kawakami and
               Chris Dyer},
  title     = {Neural Architectures for Named Entity Recognition},
  journal   = {CoRR},
  volume    = {abs/1603.01360},
  year      = {2016},
  archivePrefix = {arXiv},
  eprint    = {1603.01360},
  timestamp = {Mon, 13 Aug 2018 16:47:39 +0200},
  bibsource = {dblp computer science bibliography, https://dblp.org}
}
@inproceedings{Ma2016,
    title = "End-to-end Sequence Labeling via Bi-directional {LSTM}-{CNN}s-{CRF}",
    author = "Ma, Xuezhe  and
      Hovy, Eduard",
    booktitle = "Proceedings of the 54th Annual Meeting of the Association for Computational Linguistics (Volume 1: Long Papers)",
    month = aug,
    year = "2016",
    address = "Berlin, Germany",
    publisher = "Association for Computational Linguistics",
    url = "https://www.aclweb.org/anthology/P16-1101",
    doi = "10.18653/v1/P16-1101",
    pages = "1064--1074",
}
@inproceedings{Freitag1999,
  author = {Dayne Freitag and Andrew Kachites Mccallum},
  title = {{Information Extraction with HMMs and Shrinkage}},
  booktitle = {Proceedings of the AAAI-99 Workshop on Machine Learning for Information Extraction},
  year = {1999},
  month = {2},
  pages = {31--36},
  publisher = {AAAI Press},
}
@inproceedings{Lafferty2001,
 author = {Lafferty, John D. and McCallum, Andrew and Pereira, Fernando C. N.},
 title = {Conditional Random Fields: Probabilistic Models for Segmenting and Labeling Sequence Data},
 booktitle = {Proceedings of the Eighteenth International Conference on Machine Learning},
 series = {ICML '01},
 year = {2001},
 isbn = {1-55860-778-1},
 pages = {282--289},
 numpages = {8},
 url = {http://dl.acm.org/citation.cfm?id=645530.655813},
 acmid = {655813},
 publisher = {Morgan Kaufmann Publishers Inc.},
 address = {San Francisco, CA, USA},
} 

@inproceedings{McCallum2000,
 author = {McCallum, Andrew and Freitag, Dayne and Pereira, Fernando C. N.},
 title = {Maximum Entropy Markov Models for Information Extraction and Segmentation},
 booktitle = {Proceedings of the Seventeenth International Conference on Machine Learning},
 series = {ICML '00},
 year = {2000},
 isbn = {1-55860-707-2},
 pages = {591--598},
 numpages = {8},
 acmid = {658277},
 publisher = {Morgan Kaufmann Publishers Inc.},
 address = {San Francisco, CA, USA},
} 
@book{Li2000,
 author = {Li, Jia and Gray, Robert M.},
 title = {Image Segmentation and Compression Using Hidden Markov Models},
 year = {2000},
 isbn = {0792378997},
 publisher = {Kluwer Academic Publishers},
 address = {Norwell, MA, USA},
} 
@book{Rabiner1990,
 author = {Rabiner, Lawrence R.},
 title = {{Readings in Speech Recognition. Chapter: A Tutorial on Hidden Markov Models and Selected Applications in Speech Recognition}},
 editor = {Waibel, Alex and Lee, Kai-Fu},
 year = {1990},
 isbn = {1-55860-124-4},
 pages = {267--296},
 numpages = {30},
 acmid = {108253},
 publisher = {Morgan Kaufmann Publishers Inc.},
 address = {San Francisco, CA, USA},
} 
@inproceedings{Freitag2000,
 author = {Freitag, Dayne and McCallum, Andrew},
 title = {{Information Extraction with HMM Structures Learned by Stochastic Optimization}},
 booktitle = {Proceedings of the Seventeenth National Conference on Artificial Intelligence and Twelfth Conference on Innovative Applications of Artificial Intelligence},
 year = {2000},
 isbn = {0-262-51112-6},
 pages = {584--589},
 numpages = {6},
 acmid = {723414},
 publisher = {AAAI Press},
} 
@article{Liu1989,
 author="Liu, Dong C.
 and Nocedal, Jorge",
 title="On the limited memory BFGS method for large scale optimization",
 journal="Mathematical Programming",
 year="1989",
 month="Aug",
 day="01",
 volume="45",
 number="1",
 pages="503--528",
}
@article{Hochreiter1997,
 author = {Hochreiter, Sepp and Schmidhuber, J\"{u}rgen},
 title = {Long Short-Term Memory},
 journal = {Neural Computation},
 issue_date = {November 15, 1997},
 volume = {9},
 number = {8},
 month = nov,
 year = {1997},
 issn = {0899-7667},
 pages = {1735--1780},
 numpages = {46},
 doi = {10.1162/neco.1997.9.8.1735},
 acmid = {1246450},
 publisher = {MIT Press},
 address = {Cambridge, MA, USA},
} 
@inproceedings{Caruana2000,
 author = {Caruana, Rich and Lawrence, Steve and Giles, Lee},
 title = {Overfitting in Neural Nets: Backpropagation, Conjugate Gradient, and Early Stopping},
 booktitle = {Proceedings of the 13th International Conference on Neural Information Processing Systems},
 series = {NIPS'00},
 year = {2000},
 location = {Denver, CO},
 pages = {381--387},
 numpages = {7},
 acmid = {3008807},
 publisher = {MIT Press},
 address = {Cambridge, MA, USA},
}
@Inbook{Ramshaw1999,
author="Ramshaw, L. A.
and Marcus, M. P.",
editor="Armstrong, Susan
and Church, Kenneth
and Isabelle, Pierre
and Manzi, Sandra
and Tzoukermann, Evelyne
and Yarowsky, David",
title="Text Chunking Using Transformation-Based Learning",
bookTitle="Natural Language Processing Using Very Large Corpora",
year="1999",
publisher="Springer Netherlands",
address="Dordrecht",
pages="157--176",
isbn="978-94-017-2390-9",
doi="10.1007/978-94-017-2390-9_10",
}
@book{Rijsbergen1979,
 author = {Rijsbergen, C. J. Van},
 title = {Information Retrieval},
 year = {1979},
 isbn = {0408709294},
 edition = {2nd},
 publisher = {Butterworth-Heinemann},
 address = {Newton, MA, USA},
} 
@inproceedings{deFreitasVeneroso2018,
 author = {Veneroso, João Mateus F. and Ribeiro-Neto, Berthier},
 title = {Entity Name Extraction from Faculty Directories},
 booktitle = {Proceedings of the 18th ACM/IEEE on Joint Conference on Digital Libraries},
 series = {JCDL '18},
 year = {2018},
 isbn = {978-1-4503-5178-2},
 location = {Fort Worth, Texas, USA},
 pages = {389--390},
 numpages = {2},
 doi = {10.1145/3197026.3203902},
 acmid = {3203902},
 publisher = {ACM},
 address = {New York, NY, USA},
 keywords = {information extraction, name extraction, statistical classifier},
}
@article{McCallum2005,
 author = {McCallum, Andrew},
 title = {Information Extraction: Distilling Structured Data from Unstructured Text},
 journal = {Queue},
 issue_date = {November 2005},
 volume = {3},
 number = {9},
 month = nov,
 year = {2005},
 issn = {1542-7730},
 pages = {4:48--4:57},
 articleno = {4},
 numpages = {10},
 url = {http://doi.acm.org/10.1145/1105664.1105679},
 doi = {10.1145/1105664.1105679},
 acmid = {1105679},
 publisher = {ACM},
 address = {New York, NY, USA},
} 
@inproceedings{Chinchor1998,
  author = 	"Chinchor, Nancy",
  title = 	"Overview of {MUC}-7",
  booktitle = 	"Proceedings of the Seventh Message Understanding Conference",
  series = {MUC-7},
  year = 	"1998",
  location = {Fairfax, Virginia, USA},
  url = 	"http://aclweb.org/anthology/M98-1001"
}
@inproceedings{KimSang2003,
 author = {Tjong Kim Sang, Erik F. and De Meulder, Fien},
 title = {{Introduction to the CoNLL-2003 Shared Task: Language-independent Named Entity Recognition}},
 booktitle = {Proceedings of the Seventh Conference on Natural Language Learning at HLT-NAACL 2003 - Volume 4},
 series = {CONLL '03},
 year = {2003},
 location = {Edmonton, Canada},
 pages = {142--147},
 numpages = {6},
 url = {https://doi.org/10.3115/1119176.1119195},
 doi = {10.3115/1119176.1119195},
 acmid = {1119195},
 publisher = {Association for Computational Linguistics},
 address = {Stroudsburg, PA, USA},
} 
@inproceedings{Rastegar-Mojarad2018,
 author = {Rastegar-Mojarad, Majid and Liu, Sijia and Wang, Yanshan and Afzal, Naveed and Wang, Liwei and Shen, Feichen and Fu, Sunyang and Liu, Hongfang},
 title = {BioCreative/OHNLP Challenge 2018},
 booktitle = {Proceedings of the 2018 ACM International Conference on Bioinformatics, Computational Biology, and Health Informatics},
 series = {BCB '18},
 year = {2018},
 isbn = {978-1-4503-5794-4},
 location = {Washington, DC, USA},
 pages = {575--575},
 numpages = {1},
 url = {http://doi.acm.org/10.1145/3233547.3233672},
 doi = {10.1145/3233547.3233672},
 acmid = {3233672},
 publisher = {ACM},
 address = {New York, NY, USA},
 keywords = {information extraction, natural language processing, semantic textual similarity},
} 
@article{Hirschman2005,
  title={{Overview of BioCreAtIvE: critical assessment of information extraction for biology}},
  author={Lynette Hirschman and Alexander S. Yeh and Christian Blaschke and Alfonso Valencia},
  journal={BMC Bioinformatics},
  year={2005},
  volume={6},
  pages={S1},
}
@article{Lawrence1999, 
author={S. {Lawrence} and C. {Lee Giles} and K. {Bollacker}}, 
journal={Computer}, 
title={Digital libraries and autonomous citation indexing}, 
year={1999}, 
volume={32}, 
number={6}, 
pages={67-71}, 
month={June},}
@article{Hirsch2005,
author = {Hirsch, J. E.},
journal = {Proceedings of the National Academy of Sciences},
number = {46},
pages = {16569--16572},
pmid = {16275915},
primaryClass = {physics},
title = {{An index to quantify an individual's scientific research output}},
volume = {102},
year = {2005}
}
@inproceedings{Ribas2015a,
author = {Ribas, Sabir and Ribeiro-Neto, Berthier and de Souza e Silva, Edmundo and Ueda, Alberto Hideki and Ziviani, Nivio},
title = {Using Reference Groups to Assess Academic Productivity in Computer Science},
booktitle = {Proceedings of the 24th International Conference on World Wide Web},
series = {WWW '15 Companion},
year = {2015},
isbn = {978-1-4503-3473-0},
location = {Florence, Italy},
pages = {603--608},
numpages = {6},
acmid = {2741735},
publisher = {ACM},
address = {New York, NY, USA},
} 
@inproceedings{Grishman1996,
 author = {Grishman, Ralph and Sundheim, Beth},
 title = {Message Understanding Conference-6: A Brief History},
 booktitle = {Proceedings of the 16th Conference on Computational Linguistics - Volume 1},
 series = {COLING '96},
 year = {1996},
 location = {Copenhagen, Denmark},
 pages = {466--471},
 numpages = {6},
 url = {https://doi.org/10.3115/992628.992709},
 doi = {10.3115/992628.992709},
 acmid = {992709},
 publisher = {Association for Computational Linguistics},
 address = {Stroudsburg, PA, USA},
} 
@inproceedings{Sundheim1991,
 author = {Sundheim, Beth M.},
 title = {Overview of the Third Message Understanding Evaluation and Conference},
 booktitle = {Proceedings of the 3rd Conference on Message Understanding},
 series = {MUC3 '91},
 year = {1991},
 isbn = {1-55860-236-4},
 location = {San Diego, California},
 pages = {3--16},
 numpages = {14},
 url = {https://doi.org/10.3115/1071958.1071960},
 doi = {10.3115/1071958.1071960},
 acmid = {1071960},
 publisher = {Association for Computational Linguistics},
 address = {Stroudsburg, PA, USA},
}
@InProceedings{Katiyar2018,
  author = 	"Katiyar, Arzoo
		and Cardie, Claire",
  title = 	"Nested Named Entity Recognition Revisited",
  booktitle = 	"Proceedings of the 2018 Conference of the North American Chapter of the      Association for Computational Linguistics: Human Language Technologies,      Volume 1 (Long Papers)    ",
  year = 	"2018",
  publisher = 	"Association for Computational Linguistics",
  pages = 	"861--871",
  location = 	"New Orleans, Louisiana",
  doi = 	"10.18653/v1/N18-1079",
  url = 	"http://aclweb.org/anthology/N18-1079"
}
@article{Collobert2011,
 author = {Collobert, Ronan and Weston, Jason and Bottou, L{\'e}on and Karlen, Michael and Kavukcuoglu, Koray and Kuksa, Pavel},
 title = {Natural Language Processing (Almost) from Scratch},
 journal = {Journal of Machine Learning Research},
 issue_date = {2/1/2011},
 volume = {12},
 month = nov,
 year = {2011},
 issn = {1532-4435},
 pages = {2493--2537},
 numpages = {45},
 url = {http://dl.acm.org/citation.cfm?id=1953048.2078186},
 acmid = {2078186},
 publisher = {JMLR.org},
} 
@article{Grishman2002,
title = {{Information extraction for enhanced access to disease outbreak reports}},
journal = "Journal of Biomedical Informatics",
volume = "35",
number = "4",
pages = "236 - 246",
year = "2002",
issn = "1532-0464",
doi = "https://doi.org/10.1016/S1532-0464(03)00013-3",
url = "http://www.sciencedirect.com/science/article/pii/S1532046403000133",
author = "Ralph Grishman and Silja Huttunen and Roman Yangarber",
}
@inproceedings{Katyar2018,
    title = "Nested Named Entity Recognition Revisited",
    author = "Katiyar, Arzoo  and
      Cardie, Claire",
    booktitle = "Proceedings of the 2018 Conference of the North American Chapter of the Association for Computational Linguistics: Human Language Technologies, Volume 1 (Long Papers)",
    month = jun,
    year = "2018",
    address = "New Orleans, Louisiana",
    publisher = "Association for Computational Linguistics",
    url = "https://www.aclweb.org/anthology/N18-1079",
    doi = "10.18653/v1/N18-1079",
    pages = "861--871",
}
@inproceedings{Mikolov2013,
 author = {Mikolov, Tomas and Sutskever, Ilya and Chen, Kai and Corrado, Greg and Dean, Jeffrey},
 title = {Distributed Representations of Words and Phrases and Their Compositionality},
 booktitle = {Proceedings of the 26th International Conference on Neural Information Processing Systems - Volume 2},
 series = {NIPS'13},
 year = {2013},
 location = {Lake Tahoe, Nevada},
 pages = {3111--3119},
 numpages = {9},
 url = {http://dl.acm.org/citation.cfm?id=2999792.2999959},
 acmid = {2999959},
 publisher = {Curran Associates Inc.},
 address = {USA},
} 
@book{Manning1999,
 author = {Manning, Christopher D. and Sch\"{u}tze, Hinrich},
 title = {Foundations of Statistical Natural Language Processing},
 year = {1999},
 isbn = {0-262-13360-1},
 publisher = {MIT Press},
 address = {Cambridge, MA, USA},
} 
@article{Baum1970,
author = "Baum, Leonard E. and Petrie, Ted and Soules, George and Weiss, Norman",
doi = "10.1214/aoms/1177697196",
fjournal = "The Annals of Mathematical Statistics",
journal = "The Annals of Mathematical Statistics",
month = "02",
number = "1",
pages = "164--171",
publisher = "The Institute of Mathematical Statistics",
title = "A Maximization Technique Occurring in the Statistical Analysis of Probabilistic Functions of Markov Chains",
url = "https://doi.org/10.1214/aoms/1177697196",
volume = "41",
year = "1970"
}
@article{Forney1973, 
author={G. D. {Forney}}, 
journal={Proceedings of the IEEE}, 
title={The {Viterbi} algorithm}, 
year={1973}, 
volume={61}, 
number={3}, 
pages={268-278}, 
doi={10.1109/PROC.1973.9030}, 
ISSN={0018-9219}, 
month={March},}

@misc{Kingma2014,
  added-at = {2019-04-05T18:25:45.000+0200},
  author = {Kingma, Diederik P. and Ba, Jimmy},
  description = {Adam: A Method for Stochastic Optimization},
  note = {cite arxiv:1412.6980Comment: Published as a conference paper at the 3rd International Conference  for Learning Representations, San Diego, 2015},
  timestamp = {2019-04-05T18:25:45.000+0200},
  title = {Adam: A Method for Stochastic Optimization},
  url = {http://arxiv.org/abs/1412.6980},
  year = 2014
}
@article{Shannon1948,
  added-at = {2018-06-03T07:16:08.000+0200},
  author = {Shannon, Claude Elwood},
  doi = {10.1002/j.1538-7305.1948.tb01338.x},
  interhash = {754130207906fcec16a53d330eeff348},
  intrahash = {991e1d12fe529405c363bd2aad283d7b},
  journal = {The Bell System Technical Journal},
  keywords = {ieee information-theory paper},
  month = {7},
  number = 3,
  pages = {379--423},
  publisher = {Nokia Bell Labs},
  timestamp = {2018-06-03T07:17:55.000+0200},
  title = {A Mathematical Theory of Communication},
  url = {https://ieeexplore.ieee.org/document/6773024/},
  volume = 27,
  year = 1948
}
@article{Jaynes1957,
  title = {Information Theory and Statistical Mechanics},
  author = {Jaynes, E. T.},
  journal = {Physical Review},
  volume = {106},
  issue = {4},
  pages = {620--630},
  numpages = {0},
  year = {1957},
  month = {May},
  publisher = {American Physical Society},
  doi = {10.1103/PhysRev.106.620},
  url = {https://link.aps.org/doi/10.1103/PhysRev.106.620}
}
@book{Brown1986,
 author = {Brown, L. D.},
 title = {Fundamentals of Statistical Exponential Families: With Applications in Statistical Decision Theory},
 year = {1986},
 isbn = {0-940-60010-2},
 publisher = {Institute of Mathematical Statistics},
 address = {Hayworth, CA, USA},
} 
@article{Sutton2012,
 author = {Sutton, Charles and McCallum, Andrew},
 title = {{An Introduction to Conditional Random Fields}},
 journal = {Foundations and Trends in Machine Learning},
 issue_date = {April 2012},
 volume = {4},
 number = {4},
 month = apr,
 year = {2012},
 issn = {1935-8237},
 pages = {267--373},
 numpages = {107},
 url = {http://dx.doi.org/10.1561/2200000013},
 doi = {10.1561/2200000013},
 acmid = {2688181},
 publisher = {Now Publishers Inc.},
 address = {Hanover, MA, USA},
} 
@article{Hinton2006,
 author = {Hinton, Geoffrey E. and Osindero, Simon and Teh, Yee-Whye},
 title = {{A Fast Learning Algorithm for Deep Belief Nets}},
 journal = {Neural Computation},
 issue_date = {July 2006},
 volume = {18},
 number = {7},
 month = jul,
 year = {2006},
 issn = {0899-7667},
 pages = {1527--1554},
 numpages = {28},
 url = {http://dx.doi.org/10.1162/neco.2006.18.7.1527},
 doi = {10.1162/neco.2006.18.7.1527},
 acmid = {1161605},
 publisher = {MIT Press},
 address = {Cambridge, MA, USA},
} 
@article{Cox1958,
 ISSN = {00359246},
 URL = {http://www.jstor.org/stable/2983890},
 abstract = {A sequence of 0's and 1's is observed and it is suspected that the chance that a particular trial is a 1 depends on the value of one or more independent variables. Tests and estimates for such situations are considered, dealing first with problems in which the independent variable is preassigned and then with independent variables that are functions of the sequence. There is a considerable amount of earlier work, which is reviewed.},
 author = {D. R. Cox},
 journal = {Journal of the Royal Statistical Society. Series B (Methodological)},
 number = {2},
 pages = {215--242},
 publisher = {[Royal Statistical Society, Wiley]},
 title = {The Regression Analysis of Binary Sequences},
 volume = {20},
 year = {1958}
}
@article{Bengio2009,
 author = {Bengio, Yoshua},
 title = {Learning Deep Architectures for {AI}},
 journal = {Foundations and Trends in Machine Learning},
 issue_date = {January 2009},
 volume = {2},
 number = {1},
 month = jan,
 year = {2009},
 issn = {1935-8237},
 pages = {1--127},
 numpages = {127},
 url = {http://dx.doi.org/10.1561/2200000006},
 doi = {10.1561/2200000006},
 acmid = {1658424},
 publisher = {Now Publishers Inc.},
 address = {Hanover, MA, USA},
} 
@inproceedings{Pennington2014,
  author = {Jeffrey Pennington and Richard Socher and Christopher D. Manning},
  booktitle = {Empirical Methods in Natural Language Processing (EMNLP)},
  title = {GloVe: Global Vectors for Word Representation},
  year = {2014},
  pages = {1532--1543},
  url = {http://www.aclweb.org/anthology/D14-1162},
}
@inproceedings{Peters2018,
    title = "Deep Contextualized Word Representations",
    author = "Peters, Matthew  and
      Neumann, Mark  and
      Iyyer, Mohit  and
      Gardner, Matt  and
      Clark, Christopher  and
      Lee, Kenton  and
      Zettlemoyer, Luke",
    booktitle = "Proceedings of the 2018 Conference of the North {A}merican Chapter of the Association for Computational Linguistics: Human Language Technologies, Volume 1 (Long Papers)",
    month = jun,
    year = "2018",
    address = "New Orleans, Louisiana",
    publisher = "Association for Computational Linguistics",
    url = "https://www.aclweb.org/anthology/N18-1202",
    doi = "10.18653/v1/N18-1202",
    pages = "2227--2237",
}
@article{Srivastava2014,
  author  = {Nitish Srivastava and Geoffrey Hinton and Alex Krizhevsky and Ilya Sutskever and Ruslan Salakhutdinov},
  title   = {Dropout: A Simple Way to Prevent Neural Networks from Overfitting},
  journal = {Journal of Machine Learning Research},
  year    = {2014},
  volume  = {15},
  pages   = {1929-1958},
  url     = {http://jmlr.org/papers/v15/srivastava14a.html}
}
@phdthesis{Ratnaparkhi1998,
 author = {Ratnaparkhi, Adwait},
 title = {Maximum Entropy Models for Natural Language Ambiguity Resolution},
 year = {1998},
 isbn = {0-591-94112-0},
 note = {AAI9840230},
 publisher = {University of Pennsylvania},
 address = {Philadelphia, PA, USA},
} 
@incollection{Vaswani2017,
title = {{Attention is All you Need}},
author = {Vaswani, Ashish and Shazeer, Noam and Parmar, Niki and Uszkoreit, Jakob and Jones, Llion and Gomez, Aidan N and Kaiser, \L ukasz and Polosukhin, Illia},
booktitle = {Advances in Neural Information Processing Systems 30},
pages = {5998--6008},
year = {2017},
publisher = {Curran Associates, Inc.},
url = {http://papers.nips.cc/paper/7181-attention-is-all-you-need.pdf}
}
@inproceedings{Bahdanau2014,
  author    = {Dzmitry Bahdanau and
               Kyunghyun Cho and
               Yoshua Bengio},
  title     = {Neural Machine Translation by Jointly Learning to Align and Translate},
  booktitle = {3rd International Conference on Learning Representations, {ICLR} 2015,
               San Diego, CA, USA, May 7-9, 2015, Conference Track Proceedings},
  year      = {2015},
  url       = {http://arxiv.org/abs/1409.0473},
  timestamp = {Fri, 29 Mar 2019 00:00:00 +0100},
}
@inproceedings{Jansche2005,
 author = {Jansche, Martin},
 title = {{Maximum Expected F-measure Training of Logistic Regression Models}},
 booktitle = {Proceedings of the Conference on Human Language Technology and Empirical Methods in Natural Language Processing},
 series = {HLT '05},
 year = {2005},
 location = {Vancouver, British Columbia, Canada},
 pages = {692--699},
 numpages = {8},
 url = {https://doi.org/10.3115/1220575.1220662},
 doi = {10.3115/1220575.1220662},
 acmid = {1220662},
 publisher = {Association for Computational Linguistics},
 address = {Stroudsburg, PA, USA},
} 
@inproceedings{Ng2001,
 author = {Ng, Andrew Y. and Jordan, Michael I.},
 title = {On Discriminative vs. Generative Classifiers: A Comparison of Logistic Regression and Naive Bayes},
 booktitle = {Proceedings of the 14th International Conference on Neural Information Processing Systems: Natural and Synthetic},
 series = {NIPS'01},
 year = {2001},
 location = {Vancouver, British Columbia, Canada},
 pages = {841--848},
 numpages = {8},
 url = {http://dl.acm.org/citation.cfm?id=2980539.2980648},
 acmid = {2980648},
 publisher = {MIT Press},
 address = {Cambridge, MA, USA},
} 
@article{Bikel1999,
author="Bikel, Daniel M.
and Schwartz, Richard
and Weischedel, Ralph M.",
title="An Algorithm that Learns What's in a Name",
journal="Machine Learning",
year="1999",
month="Feb",
day="01",
volume="34",
number="1",
pages="211--231",
issn="1573-0565",
doi="10.1023/A:1007558221122",
url="https://doi.org/10.1023/A:1007558221122"
}
@inproceedings{Borthwick1998,
  title = "Exploiting Diverse Knowledge Sources via Maximum Entropy in Named Entity Recognition",
  author = "Borthwick, Andrew  and
    Sterling, John  and
    Agichtein, Eugene  and
    Grishman, Ralph",
  booktitle = "Proceedings of the Sixth Workshop on Very Large Corpora",
  year = "1998",
  url = "https://www.aclweb.org/anthology/W98-1118",
  pages = {152--160},
  location = {Montreal, Canada},
  publisher = {Association for Computational Linguistics},
}
@inproceedings{McCallum2003,
 author = {McCallum, Andrew and Li, Wei},
 title = {Early Results for Named Entity Recognition with Conditional Random Fields, Feature Induction and Web-enhanced Lexicons},
 booktitle = {Proceedings of the Seventh Conference on Natural Language Learning at HLT-NAACL 2003 - Volume 4},
 series = {CONLL '03},
 year = {2003},
 location = {Edmonton, Canada},
 pages = {188--191},
 numpages = {4},
 url = {https://doi.org/10.3115/1119176.1119206},
 doi = {10.3115/1119176.1119206},
 acmid = {1119206},
 publisher = {Association for Computational Linguistics},
 address = {Stroudsburg, PA, USA},
} 
@inproceedings{Florian2003,
    title = "Named Entity Recognition through Classifier Combination",
    author = "Florian, Radu  and
      Ittycheriah, Abe  and
      Jing, Hongyan  and
      Zhang, Tong",
    booktitle = "Proceedings of the Seventh Conference on Natural Language Learning at HLT-NAACL 2003",
    year = "2003",
    url = "https://www.aclweb.org/anthology/W03-0425",
    pages = "168--171",
}
@article{Devlin2018,
  title={{BERT}: Pre-training of Deep Bidirectional Transformers for Language Understanding},
  author={Devlin, Jacob and Chang, Ming-Wei and Lee, Kenton and Toutanova, Kristina},
  journal={Preprint arXiv:1810.04805},
  year={2018}
}
@article{Baevski2019,
  title={Cloze-driven Pretraining of Self-attention Networks},
  author={Baevski, Alexei and Edunov, Sergey and Liu, Yinhan and Zettlemoyer, Luke and Auli, Michael},
  journal={Preprint arXiv:1903.07785},
  year={2019}
}
@inproceedings{Akbik2018,
    title = "Contextual String Embeddings for Sequence Labeling",
    author = "Akbik, Alan  and
      Blythe, Duncan  and
      Vollgraf, Roland",
    booktitle = "Proceedings of the 27th International Conference on Computational Linguistics",
    month = aug,
    year = "2018",
    address = "Santa Fe, New Mexico, USA",
    publisher = "Association for Computational Linguistics",
    url = "https://www.aclweb.org/anthology/C18-1139",
    pages = "1638--1649",
}
@book{Cramer1946,
author = { Cramer, Harald },
title = { Mathematical Methods of Statistics },
publisher = { Princeton University Press },
isbn = {0-691-00547-8},
address = {Princeton, NJ, USA},
year = { 1946 },
type = { Book },
language = { English },
subjects = { Mathematical statistics. },
catalogue-url = { https://nla.gov.au/nla.cat-vn81100 },
}
@inproceedings{Sutskever2013,
 author = {Sutskever, Ilya and Martens, James and Dahl, George and Hinton, Geoffrey},
 title = {On the Importance of Initialization and Momentum in Deep Learning},
 booktitle = {Proceedings of the 30th International Conference on International Conference on Machine Learning - Volume 28},
 series = {ICML'13},
 year = {2013},
 location = {Atlanta, GA, USA},
 pages = {1139--1147},
 url = {http://dl.acm.org/citation.cfm?id=3042817.3043064},
 acmid = {3043064},
 publisher = {JMLR.org},
} 
@inbook{Li2018,
author="Li, Yang
and Yang, Tao",
editor="Srinivasan, S.",
title={Word Embedding for Understanding Natural Language: A Survey},
bookTitle="Guide to Big Data Applications",
year="2018",
publisher="Springer International Publishing",
address="Cham",
pages="83--104",
isbn="978-3-319-53817-4",
doi="10.1007/978-3-319-53817-4_4",
url="https://doi.org/10.1007/978-3-319-53817-4_4"
}
